@Book{glad00,
author = {Glad, Torkel and Ljung, Lennart},
title = {CONTROL THEORY, Multivariable and Nonlinear Methods},
publisher = {Taylor \& Francis},
year = {2000},
}
