@Book{glad00,
author = {Glad, Torkel and Ljung, Lennart},
title = {CONTROL THEORY, Multivariable and Nonlinear Methods},
publisher = {Taylor \& Francis},
year = {2000},
}

@Book{williams07,
author = {Williams II, Robert L. and Lawrence, Douglas A.},
title = {Liner State-Space Control Systems},
publisher = {John Wiley \& Sons, Inc.},
year = {2007},
}

@Book{melsa69,
author = {Melsa, James L. and Schultz, Donald G.},
title = {Liner Control Systems},
publisher = {McGraw-Hill},
year = {1969},
}

@book{astrom21,
author = {Astrom, Karl Johan and Murray, Richard M.},
title = {Feedback Systems: An Introduction for Scientists and Engineers},
year = {2021},
isbn = {9780691193984},
publisher = {Princeton University Press},
}


@inproceedings{BolvarVincenty2014ModellingTB,
  title={Modelling the Ball-and-Beam System From Newtonian Mechanics and from Lagrange Methods},
  author={Carlos G. Bol{\'i}var-Vincenty and Gerson Beauchamp-B{\'a}ez},
  year={2014}
}